<record><leader>00000cas a2200000 a 4500</leader><controlfield tag="001">15984630</controlfield><controlfield tag="008">870616d18371842msuwr ne      0    0eng c</controlfield><datafield ind1=" " ind2=" " tag="010"><subfield code="a">sn 87065433 </subfield></datafield><datafield ind1=" " ind2=" " tag="040"><subfield code="a">MJA</subfield><subfield code="b">eng</subfield><subfield code="c">MJA</subfield><subfield code="d">MSJ</subfield><subfield code="d">CNK</subfield><subfield code="d">CRL</subfield><subfield code="d">CUI</subfield><subfield code="d">DLC</subfield><subfield code="d">OCLCQ</subfield><subfield code="d">OCLCF</subfield><subfield code="d">OCLCA</subfield></datafield><datafield ind1="1" ind2=" " tag="029"><subfield code="a">AU@</subfield><subfield code="b">000020481344</subfield></datafield><datafield ind1=" " ind2=" " tag="042"><subfield code="a">pcc</subfield></datafield><datafield ind1=" " ind2=" " tag="043"><subfield code="a">n-us-ms</subfield></datafield><datafield ind1="0" ind2="0" tag="050"><subfield code="a">Newspaper</subfield></datafield><datafield ind1=" " ind2="4" tag="050"><subfield code="a">AN</subfield></datafield><datafield ind1="0" ind2="0" tag="245"><subfield code="a">Mississippi free trader and Natchez weekly gazette.</subfield></datafield><datafield ind1="3" ind2="0" tag="246"><subfield code="a">Free trader</subfield></datafield><datafield ind1="1" ind2="7" tag="246"><subfield code="a">Mississippi free trader</subfield></datafield><datafield ind1=" " ind2=" " tag="260"><subfield code="a">Natchez, Miss. :</subfield><subfield code="b">I.A. Besancon,</subfield><subfield code="c">1837-1842.</subfield></datafield><datafield ind1=" " ind2=" " tag="300"><subfield code="a">v.</subfield></datafield><datafield ind1=" " ind2=" " tag="310"><subfield code="a">Weekly</subfield></datafield><datafield ind1="0" ind2=" " tag="362"><subfield code="a">Vol. 2, no. 38 (Apr. 21, 1837)-v. 8, no. 19 (Dec. 28, 1842).</subfield></datafield><datafield ind1=" " ind2=" " tag="580"><subfield code="a">Issued also in a daily edition called: Mississippi free trader and Natchez daily gazette.</subfield></datafield><datafield ind1=" " ind2="0" tag="651"><subfield code="a">Natchez (Miss.)</subfield><subfield code="v">Newspapers.</subfield></datafield><datafield ind1=" " ind2="0" tag="651"><subfield code="a">Adams County (Miss.)</subfield><subfield code="v">Newspapers.</subfield></datafield><datafield ind1=" " ind2="7" tag="655"><subfield code="a">Newspapers.</subfield><subfield code="2">fast</subfield><subfield code="0">(OCoLC)fst01423814</subfield></datafield><datafield ind1=" " ind2="7" tag="651"><subfield code="a">Mississippi</subfield><subfield code="z">Adams County.</subfield><subfield code="2">fast</subfield><subfield code="0">(OCoLC)fst01214708</subfield></datafield><datafield ind1=" " ind2="7" tag="651"><subfield code="a">Mississippi</subfield><subfield code="z">Natchez.</subfield><subfield code="2">fast</subfield><subfield code="0">(OCoLC)fst01204961</subfield></datafield><datafield ind1=" " ind2=" " tag="752"><subfield code="a">United States</subfield><subfield code="b">Mississippi</subfield><subfield code="c">Adams</subfield><subfield code="d">Natchez.</subfield></datafield><datafield ind1="1" ind2=" " tag="775"><subfield code="t">Mississippi free trader and Natchez daily gazette</subfield><subfield code="w">(DLC)sn 83016857</subfield><subfield code="w">(OCoLC)10176419</subfield></datafield><datafield ind1="0" ind2="8" tag="776"><subfield code="i">Online version:</subfield><subfield code="t">Mississippi free trader and Natchez weekly gazette (Online)</subfield><subfield code="w">(OCoLC)655501428</subfield></datafield><datafield ind1="0" ind2="0" tag="780"><subfield code="t">Mississippi free trader and Natchez gazette (Natchez, Miss. : 1835)</subfield><subfield code="w">(DLC)sn 83016854</subfield><subfield code="w">(OCoLC)10176107</subfield></datafield><datafield ind1="0" ind2="0" tag="785"><subfield code="t">Mississippi free trader (Natchez, Miss.)</subfield><subfield code="w">(DLC)sn 83016918</subfield><subfield code="w">(OCoLC)10204712</subfield></datafield></record>